<record><leader>00000cas a22000007a 4500</leader><controlfield tag="001">15539273</controlfield><controlfield tag="008">870416d19231923inudn ne      0    0eng d</controlfield><datafield ind1=" " ind2=" " tag="010"><subfield code="a">sn 87055376 </subfield></datafield><datafield ind1=" " ind2=" " tag="040"><subfield code="a">NPI</subfield><subfield code="b">eng</subfield><subfield code="c">NPI</subfield><subfield code="d">OCLCQ</subfield><subfield code="d">IUL</subfield><subfield code="d">OCLCF</subfield></datafield><datafield ind1=" " ind2=" " tag="042"><subfield code="a">msc</subfield></datafield><datafield ind1=" " ind2=" " tag="043"><subfield code="a">n-us-in</subfield></datafield><datafield ind1="0" ind2="0" tag="245"><subfield code="a">Combined sun and Republican.</subfield></datafield><datafield ind1=" " ind2=" " tag="260"><subfield code="a">Rochester, Ind. :</subfield><subfield code="b">Van Trump Co.,</subfield><subfield code="c">1923.</subfield></datafield><datafield ind1=" " ind2=" " tag="300"><subfield code="a">volumes</subfield></datafield><datafield ind1=" " ind2=" " tag="310"><subfield code="a">Daily (except Sun.)</subfield></datafield><datafield ind1="0" ind2=" " tag="362"><subfield code="a">Vol. 38, no. 230 (Oct. 1, 1923)-</subfield></datafield><datafield ind1="1" ind2=" " tag="362"><subfield code="a">Ceased with Oct. 10, 1923 issue?</subfield></datafield><datafield ind1=" " ind2="0" tag="651"><subfield code="a">Rochester (Ind.)</subfield><subfield code="v">Newspapers.</subfield></datafield><datafield ind1=" " ind2="0" tag="651"><subfield code="a">Fulton County (Ind.)</subfield><subfield code="v">Newspapers.</subfield></datafield><datafield ind1=" " ind2="7" tag="655"><subfield code="a">Newspapers.</subfield><subfield code="2">fast</subfield><subfield code="0">(OCoLC)fst01423814</subfield></datafield><datafield ind1=" " ind2="7" tag="651"><subfield code="a">Indiana</subfield><subfield code="z">Fulton County.</subfield><subfield code="2">fast</subfield><subfield code="0">(OCoLC)fst01204173</subfield></datafield><datafield ind1=" " ind2="7" tag="651"><subfield code="a">Indiana</subfield><subfield code="z">Rochester.</subfield><subfield code="2">fast</subfield><subfield code="0">(OCoLC)fst01227015</subfield></datafield><datafield ind1=" " ind2=" " tag="752"><subfield code="a">United States</subfield><subfield code="b">Indiana</subfield><subfield code="c">Fulton</subfield><subfield code="d">Rochester.</subfield></datafield><datafield ind1="0" ind2="4" tag="780"><subfield code="t">Sun (Rochester, Ind.)</subfield><subfield code="w">(DLC)sn 87055118</subfield><subfield code="w">(OCoLC)15112555</subfield></datafield><datafield ind1="0" ind2="4" tag="780"><subfield code="t">Rochester daily Republican (Rochester, Ind. : 1886)</subfield><subfield code="w">(DLC)sn 87055120</subfield><subfield code="w">(OCoLC)15112345</subfield></datafield><datafield ind1="0" ind2="0" tag="785"><subfield code="t">Daily news (Rochester, Ind.)</subfield><subfield code="w">(DLC)sn 87055106</subfield><subfield code="w">(OCoLC)15117203</subfield></datafield></record>